<?xml version="1.0"?>
<zs:searchRetrieveResponse xmlns:zs="http://www.loc.gov/zing/srw/"><zs:version>1.1</zs:version><zs:numberOfRecords>1</zs:numberOfRecords><zs:records>
<zs:record><zs:recordSchema>info:srw/schema/1/marcxml-v1.1</zs:recordSchema><zs:recordPacking>xml</zs:recordPacking><zs:recordData><record xmlns="http://www.loc.gov/MARC21/slim">
  <leader>05261nam a22005173i 4500</leader>
  <controlfield tag="001">004511708</controlfield>
  <controlfield tag="005">20150518122435.0</controlfield>
  <controlfield tag="006">m     o  d        </controlfield>
  <controlfield tag="007">cr unu---|||||</controlfield>
  <controlfield tag="008">150121s2014    cau|||||om||||||||||eng d</controlfield>
  <datafield tag="020" ind1=" " ind2=" ">
    <subfield code="a">9781234567890</subfield>
  </datafield>
  <datafield tag="024" ind1="7" ind2=" ">
    <subfield code="a">ark:/48907/f3z31lkz</subfield>
    <subfield code="2">local</subfield>
  </datafield>
  <datafield tag="040" ind1=" " ind2=" ">
    <subfield code="a">CUT</subfield>
    <subfield code="b">eng</subfield>
    <subfield code="c">CUT</subfield>
    <subfield code="e">rda</subfield>
  </datafield>
  <datafield tag="100" ind1="1" ind2=" ">
    <subfield code="a">Huff, Huff Puff,</subfield>
    <subfield code="e">author.</subfield>
  </datafield>
  <datafield tag="245" ind1="1" ind2="0">
    <subfield code="a">Longitudinal Analysis of the Three Little Pigs /</subfield>
    <subfield code="c">Huff, Huff Puff.</subfield>
  </datafield>
  <datafield tag="264" ind1=" " ind2="1">
    <subfield code="a">[Santa Barbara, Calif.] :</subfield>
    <subfield code="b">University of California, Santa Barbara,</subfield>
    <subfield code="c">2014.</subfield>
  </datafield>
  <datafield tag="300" ind1=" " ind2=" ">
    <subfield code="a">1 online resource (313 pages)</subfield>
  </datafield>
  <datafield tag="336" ind1=" " ind2=" ">
    <subfield code="a">text</subfield>
    <subfield code="b">txt</subfield>
    <subfield code="2">rdacontent</subfield>
  </datafield>
  <datafield tag="337" ind1=" " ind2=" ">
    <subfield code="a">computer</subfield>
    <subfield code="b">c</subfield>
    <subfield code="2">rdamedia</subfield>
  </datafield>
  <datafield tag="338" ind1=" " ind2=" ">
    <subfield code="a">online resource</subfield>
    <subfield code="b">cr</subfield>
    <subfield code="2">rdacarrier</subfield>
  </datafield>
  <datafield tag="500" ind1=" " ind2=" ">
    <subfield code="a">Source: Dissertation Abstracts International, Volume: 76-03(E), Section: A.</subfield>
  </datafield>
  <datafield tag="500" ind1=" " ind2=" ">
    <subfield code="a">Advisors: Tyler R. Shrimp Committee members: Yes Man; Mary Gar; Vera Pupy; Fresh Kid.</subfield>
  </datafield>
  <datafield tag="502" ind1=" " ind2=" ">
    <subfield code="b">Ph.D.</subfield>
    <subfield code="c">University of California, Santa Barbara</subfield>
    <subfield code="d">2014.</subfield>
  </datafield>
  <datafield tag="520" ind1=" " ind2=" ">
    <subfield code="a">A quarter of an hour, twenty minutes, passed away, and Fanny was still thinking of Edmund, Miss Crawford, and herself, without interruption from any one. She began to be surprised at being left so long, and to listen with an anxious desire of hearing their steps and their voices again. She listened, and at length she heard; she heard voices and feet approaching; but she had just satisfied herself that it was not those she wanted, when Miss Bertram, Mr. Rushworth, and Mr. Crawford issued from the same path which she had trod herself, and were before her.</subfield>
  </datafield>
  <datafield tag="520" ind1=" " ind2=" ">
    <subfield code="a">"Miss Price all alone" and "My dear Fanny, how comes this?" were the first salutations. She told her story. "Poor dear Fanny," cried her cousin, "how ill you have been used by them! You had better have staid with us."</subfield>
  </datafield>
  <datafield tag="546" ind1=" " ind2=" ">
    <subfield code="a">English</subfield>
  </datafield>
  <datafield tag="653" ind1=" " ind2=" ">
    <subfield code="a">Pigs.</subfield>
  </datafield>
  <datafield tag="653" ind1=" " ind2=" ">
    <subfield code="a">History.</subfield>
  </datafield>
  <datafield tag="653" ind1=" " ind2=" ">
    <subfield code="a">America.</subfield>
  </datafield>
  <datafield tag="650" ind1=" " ind2="4">
    <subfield code="a">History, United States.</subfield>
  </datafield>
  <datafield tag="650" ind1=" " ind2="4">
    <subfield code="a">History, Modern.</subfield>
  </datafield>
  <datafield tag="655" ind1=" " ind2="7">
    <subfield code="a">Online resources.</subfield>
    <subfield code="2">local</subfield>
  </datafield>
  <datafield tag="655" ind1=" " ind2="7">
    <subfield code="a">Dissertations, Academic</subfield>
    <subfield code="z">UCSB</subfield>
    <subfield code="x">History</subfield>
    <subfield code="2">local</subfield>
  </datafield>
  <datafield tag="710" ind1="2" ind2=" ">
    <subfield code="a">University of California, Santa Barbara.</subfield>
    <subfield code="b">History.</subfield>
    <subfield code="e">degree granting institution.</subfield>
  </datafield>
  <datafield tag="720" ind1="1" ind2=" ">
    <subfield code="a">Tyler R. Shrimp</subfield>
    <subfield code="e">degree supervisor.</subfield>
  </datafield>
  <datafield tag="791" ind1=" " ind2=" ">
    <subfield code="a">Ph.D.</subfield>
  </datafield>
  <datafield tag="792" ind1=" " ind2=" ">
    <subfield code="a">2014</subfield>
  </datafield>
  <datafield tag="856" ind1="4" ind2="0">
    <subfield code="z">ProQuest full text or citation. Full text restricted to UC campuses.</subfield>
    <subfield code="u">http://gateway.proquest.com/openurl?url_ver=Z39.88-2004&amp;rft_val_fmt=info:ofi/fmt:kev:mtx:dissertation&amp;res_dat=xri:pqm&amp;rft_dat=xri:pqdiss:3645645</subfield>
  </datafield>
  <datafield tag="852" ind1=" " ind2=" ">
    <subfield code="a">CU-SB</subfield>
    <subfield code="b">MAIN</subfield>
    <subfield code="c">EDIS</subfield>
    <subfield code="4">Main Library</subfield>
    <subfield code="5">Electronic Dissertations</subfield>
  </datafield>
  <datafield tag="946" ind1=" " ind2=" ">
    <subfield code="a">Summer 2014</subfield>
  </datafield>
  <datafield tag="947" ind1=" " ind2=" ">
    <subfield code="a">PQD</subfield>
    <subfield code="b">ProQuest Dissertations &amp; Theses Database</subfield>
    <subfield code="l">do not send to LTI</subfield>
    <subfield code="o">do not send to OCLC</subfield>
  </datafield>
  <datafield tag="956" ind1=" " ind2="0">
    <subfield code="f">Huff_ucsb_0035D_12328.pdf</subfield>
  </datafield>
</record></zs:recordData><zs:recordPosition>1</zs:recordPosition></zs:record>
</zs:records></zs:searchRetrieveResponse>
